2684 5142
1354 435 1655 521 (36)

554 638 700 713 :uim
724 693 745 723 ,
789 667 1011 734 neque
1045 644 1399 710 Ciceronis
1426 661 1639 709 aetate
1673 643 2046 733 hocipsum
2078 645 2423 710 incertum
2453 694 2475 724 ‚

557 787 627 836 et
666 768 819 836 ideo
862 771 1237 852 cognitores
1268 769 1394 836 hac
1434 772 1506 835 in
1539 769 1727 836 causa
1769 769 1960 836 datos
2030 768 2227 836 fuisse
2272 772 2475 840 vidit.

556 895 868 986 Denique
897 894 1177 961 heredes
1198 872 1278 961 ex
1304 920 1378 961 ea
1406 912 1660 961 tantum
1682 912 1874 985 parte
1893 943 1916 974 ,
1962 920 2093 989 qua
2114 896 2473 963 heredita-

548 1037 697 1102 ,tem
721 1019 1055 1100 adierant,
1093 1019 1347 1086 solvere
1372 1021 1703 1103 iusserunt
1723 1024 1859 1104 jam
1880 1022 2084 1109 Leges
2101 1023 2229 1089 XII
2253 1023 2429 1088 Tab.
2453 1071 2476 1102 ,

557 1145 947 1212 nominibus
986 1149 1167 1211 inter
1200 1168 1330 1217 ,cos
1361 1145 1743 1212 dividendis
1790 1148 1910 1233 (ι).
1999 1149 2090 1213 Et
2127 1147 2258 1214 hae
2309 1146 2471 1238 qui·

561 1270 723 1337 dem
797 1272 1299 1362 comparatione
1356 1271 1597 1360 sponte
1679 1294 1762 1338 eo
1809 1274 2086 1339 iterum
2153 1274 2484 1366 pervenit

565 1397 841 1481 Cicero,
885 1395 1075 1489 quod
1110 1395 1288 1464 varia
1344 1400 1481 1480 jam
1538 1396 1801 1463 ratione
1834 1398 2128 1489 probare
2187 1396 2485 1477 studuit,

562 1521 813 1589 Roscio
873 1546 1015 1589 non
1057 1522 1191 1589 esse
1241 1520 1669 1609 partiendum
1728 1544 1880 1590 eum
1925 1525 2203 1592 Fannio.
2347 1519 2491 1588 Sed

567 1646 783 1715 nihilo
832 1666 1060 1716 tamen
1112 1650 1331 1714 minus
1370 1665 1561 1732 urget
1590 1647 2039 1725 adversarius,
2084 1647 2491 1741 quodcum*

571 1798 707 1866 que
766 1775 892 1840 fibi
938 1791 1124 1862 petat
1169 1775 1424 1855 socius,
1493 1772 1567 1840 id
1611 1774 1940 1840 societatis
1979 1774 2145 1849 fieri.
2245 1775 2494 1860 Quam

572 1898 967 1990 opinionem
1020 1898 1258 1966 Cicero
1317 1901 1456 1984 jam
1500 1898 1785 1972 refutare
1824 1897 2066 1988 incipit
2122 1894 2489 1983 rogando,

572 2046 815 2114 quare,
876 2024 925 2090 fi
970 2008 1229 2101 itant.
1277 2024 1742 2115 astipulatus
1803 2023 1974 2089 esset
2028 2020 2343 2101 Roscius,
2409 2037 2488 2087 ut

570 2147 928 2216 dimidiam
956 2147 1143 2214 illam
1183 2148 1544 2231 exigendae
1591 2173 1632 2214 ι
1685 2147 1909 2214 Flavio
1942 2149 2255 2245 pecuniae
2296 2166 2480 2236 pat-

573 2293 712 2339 tem
762 2276 886 2340 fibi
929 2272 1122 2339 daret
1159 2274 1450 2340 Fannius
1475 2322 1496 2353 ‚
1541 2294 1696 2340 eum
1735 2272 1870 2339 fine
1927 2272 2125 2359 hujus
2176 2273 2489 2338 cautione

572 2417 644 2467 et
688 2399 1199 2489 repromissione
1255 2400 1491 2466 Fannii
1551 2398 1728 2464 ultro
1786 2397 2123 2465 debuisset
2155 2397 2485 2499 conferri.

552 2525 834 2597 Summi
869 2527 1364 2618 haecquaestio
1406 2525 1842 2592 fit2momeuti
1886 2526 2228 2591 mentione
2272 2524 2484 2611 juris-

580 2654 977 2742 peritorum.
1064 2653 1165 2717 De
1218 2652 1325 2717 his
1380 2652 1563 2717 enim
1604 2653 1760 2717 viris
1786 2701 1806 2731 ‚
1854 2652 1970 2742 qui
2008 2653 2098 2717 ol>
2141 2652 2314 2733 juris
2358 2672 2485 2741 pe-

580 2765 802 2844 iitiam.
841 2778 1376 2858 conveniuntur,
1416 2773 1854 2866 hominesque
1890 2775 2194 2843 reddunt
2241 2801 2335 2842 ex

748 3027 1047 3093 incertis
1093 3020 1390 3104 certosq'
1416 3037 1911 3113 compotesque
1953 3026 2238 3111 consili,

744 3187 971 3210 ---·
1020 3165 1103 3218 at
1143 3177 1229 3219 ne
1276 3176 1388 3219 res
1438 3165 1694 3218 temere
1746 3164 2060 3219 tractent
2110 3154 2486 3234 turbidas,

579 3407 878 3477 dubitari
943 3406 1218 3499 nequit,
1280 3407 1451 3496 quin
1512 3401 2010 3471 consulentibus
2072 3422 2253 3470 reete
2310 3403 2481 3489 legi-

582 3535 846 3624 busque
887 3533 1368 3601 convenienter
1407 3529 1743 3599 suadeant.
1850 3533 1998 3598 Iam
2037 3554 2197 3598 vero
2241 3533 2482 3619 supra,

576 3660 818 3729 Pisone
862 3655 1241 3748 jurisperito
1285 3675 1643 3753 monente,
1705 3656 1882 3724 hane
1923 3655 2479 3750 restipulationem

578 3786 943 3855 obtinuisse
987 3784 1276 3853 vidimus
1321 3787 1440 3872 (2).
2365 3834 2374 3843 .

2283 3906 2476 3973 Hae-

647 4056 735 4142 (1)¹
762 4055 1178 4126 'rah.5.cap.4.
1207 4055 1365 4112 Conf-
1402 4056 1721 4115 Pothier
1743 4092 1760 4124 ,
1795 4057 1861 4112 ad
1890 4058 1946 4111 h.
1979 4058 2016 4110 l.
2088 4058 2169 4129 (2)
2210 4056 2331 4123 Pag·
2365 4047 2442 4121 73·
