2684 5142
1357 353 1664 438 (πα)

552 563 693 630 Sed
734 563 1053 652 quoniam
1090 578 1271 627 tanta
1308 578 1455 627 erat
1475 560 1824 626 hominum
1863 561 1944 624 iu
1981 558 2168 623 omni
2207 557 2506 626 ordine

553 689 751 777 copia
774 734 797 761 ‚
838 704 915 752 ut
931 711 1075 752 non
1090 687 1366 775 possent
1394 710 1630 752 omnes
1652 688 1906 753 Romae
1942 685 2276 752 foenerari
2323 709 2492 774 pe·-

558 815 826 892 ounias‚
871 829 982 878 aut
1020 816 1097 878 in
1137 811 1329 878 Italia
1374 811 1652 902 praedia
1695 812 1951 878 habere
1976 861 1997 894 ‚
2053 834 2294 896 magna
2333 834 2492 876 eo-

560 960 714 1004 rum
759 963 916 1028 pars
967 942 1283 1030 pecunias
1337 939 1484 1005 suas
1524 942 1598 1004 iu
1636 939 2006 1028 provinciis
2056 939 2502 1028 occupabat..

559 1066 835 1153 Itaque,
894 1067 1170 1150 regione
1213 1063 1435 1156 aliqua
1469 1066 1544 1128 in
1582 1066 1973 1154 provinciae
2020 1062 2306 1129 sormam
2345 1087 2488 1128 re-

559 1189 799 1272 dacta,
840 1192 915 1255 in
956 1214 1105 1254 eam
1139 1190 1319 1255 cives
1358 1190 1688 1270 Romani,
1732 1193 1850 1285 qui
1874 1190 2232 1266 volebant,
2275 1191 2498 1255 suum

559 1318 1047 1407 patrimonium
1109 1315 1598 1399 conserebant,
1666 1335 1736 1384 et
1802 1336 1918 1383 aut
1973 1318 2294 1391 arabant,
2361 1331 2500 1380 ant

564 1442 973 1531 pascebant,
1031 1460 1147 1508 aut
1188 1446 1726 1528 negotiabantur.
1813 1444 2298 1528 Negotiationis
2345 1467 2494 1527 au-

568 1584 713 1634 tem
760 1569 926 1636 haec
963 1573 1331 1659 praecipua
1365 1574 1541 1636 ratio
1580 1588 1765 1649 erat,
1823 1588 1901 1635 ut
1949 1572 2269 1659 pecunias
2309 1592 2494 1632 mu-

566 1710 715 1757 tuas
756 1691 1001 1757 darent
1026 1693 1596 1780 provincialibuS‚
1640 1694 2017 1778 foenusque
2058 1708 2494 1757 exercerent.

569 1814 766 1900 Quae
798 1816 970 1879 ratio
1005 1838 1088 1879 eo
1116 1815 1516 1882 fruetuofior
1553 1833 1735 1897 erat,
1779 1815 1964 1908 quod
2007 1814 2186 1880 nulla
2225 1814 2375 1900 lege
2406 1818 2498 1883 iu

567 1940 944 2027 provinciis
1003 1939 1300 2005 foenoris
1353 1942 1747 2029 magnitudo
1786 1942 2256 2009 definiebatur.
2347 1938 2486 2006 Al-

582 2082 805 2130 terum
871 2068 1349 2148 negotiationis
1407 2090 1613 2150 genus
1669 2086 1846 2142 erat,
1916 2070 1998 2132 ab
2054 2069 2434 2132 aratoribus
2460 2117 2484 2149 ‚

577 2212 735 2255 cum
778 2191 1032 2256 civibus
1072 2190 1434 2269 RomaniS‚
1501 2210 1645 2257 tum
1695 2192 2258 2281 provincialibuS,
2321 2196 2490 2258 item

571 2316 849 2399 integris
892 2317 1278 2382 civitatibus
1316 2318 1733 2384 frumentum
1772 2344 1994 2385 emere
2048 2337 2118 2384 et
2155 2319 2480 2398 Romam,

575 2459 692 2506 aut
746 2444 1073 2534 quorsum
1128 2442 1423 2529 vellent,
1489 2446 1821 2512 mittendo
1883 2447 2148 2513 lucrum
2193 2469 2486 2537 quaere-

583 2592 661 2632 re
696 2587 731 2626 »
768 2572 887 2656 (1).
970 2574 1123 2639 Jam
1143 2595 1306 2639 vero
1327 2572 1492 2638 hinc
1523 2574 1915 2655 eveniebat,
1955 2590 2036 2639 ut
2063 2575 2302 2639 civium
2334 2573 2488 2636 Ro·-

586 2718 942 2758 manorum
990 2696 1362 2758 creditores
1401 2713 1471 2756 et
1499 2696 1846 2758 debitores
1881 2716 2024 2758 non
2069 2698 2325 2760 Romae
2370 2696 2489 2760 so·-

592 2819 776 2897 lum,
831 2817 947 2883 sed
991 2815 1195 2881 nullis
1228 2841 1372 2884 non
1432 2819 1619 2882 orbis
1669 2820 1957 2883 Romani
2010 2819 2172 2881 locis
2218 2821 2488 2908 reperi-

593 2963 850 3015 rentur.
935 2945 1030 3010 Ut
1074 2960 1298 3010 autem
1351 2944 1492 3009 suas
1557 2946 1808 3036 quique
1871 2944 2313 3030 obligationes
2363 2970 2489 3010 ex—

592 3076 972 3155 tinguerent
997 3123 1017 3153 ,
1076 3075 1291 3165 ipsam
1350 3074 1703 3165 pecuniam
1766 3075 2212 3138 transmittere
2275 3073 2485 3138 debe-

600 3199 806 3278 bant,
866 3200 983 3264 sed
1019 3199 1183 3266 baec
1217 3225 1322 3269 res
1363 3218 1431 3265 et
1479 3202 1569 3265 ob
1622 3199 1779 3266 alias
1816 3201 2034 3267 causas
2078 3217 2148 3267 et
2200 3224 2358 3267 vero
2395 3202 2482 3266 ob

602 3328 874 3392 iteneris
928 3326 1224 3417 pericula
1267 3328 1463 3413 saepe
1495 3344 1639 3392 erat
1665 3326 1963 3394 molesta.
2089 3326 2302 3393 Porro
2344 3351 2486 3393 cum

603 3456 988 3521 absentibus
1042 3477 1169 3518 nec
1217 3451 1506 3540 stipulari
1555 3469 1870 3541 poterant
1922 3471 2212 3543 propter
2262 3455 2481 3546 requi-

532 3656 537 3661 ·
610 3575 799 3646 fitam
833 3584 1133 3673 partium
1171 3582 1654 3672 praesentiam,
1698 3606 1920 3674 neque
1950 3599 2255 3648 mutuum
2288 3582 2484 3662 inire,

2318 3726 2478 3794 quo-

680 3883 761 3949 (ι)
798 3881 933 3934 Sunt
978 3882 1089 3932 fere
1126 3883 1287 3934 verba
1333 3880 1669 3940 Ernesti,
1713 3897 1777 3930 ex
1809 3876 1950 3930 Diss-
1989 3876 2056 3929 de
2098 3877 2300 3944 Negot.
2326 3875 2473 3925 Rom-

610 3991 821 4069 Opusc.
850 3992 1018 4046 Phil.
1046 4002 1108 4044 et
1142 3992 1357 4061 Otit.p·
1375 4008 1408 4059 9
1442 3987 1607 4046 et15.
1632 3998 1685 4042 et
1709 4006 1773 4041 ex
1807 3987 1980 4040 Clare
2014 4005 2066 4045 v.
2098 3984 2436 4055 negotiator·

720 4252 749 4267 s
